@article{AlHamdan2014,
  title={Environmental public health applications using remotely sensed data},
  author={Al-Hamdan, Mohammad Z and Crosson, William L and Economou, Sigrid A and Estes Jr, Maurice G and Estes, Sue M and Hemmings, Sarah N and Kent, Shia T and Puckett, Mark and Quattrochi, Dale A and Rickman, Douglas L and others},
  journal={Geocarto International},
  volume={29},
  number={1},
  pages={85--98},
  year={2014},
  doi = {10.1080/10106049.2012.715209}
}

@article{Anderson2012,
  title={Lights out: impact of the {A}ugust 2003 power outage on mortality in {N}ew {Y}ork, {NY}},
  author={Anderson, G Brooke and Bell, Michelle L},
  journal={Epidemiology},
  volume={23},
  number={2},
  pages={189},
  year={2012}
}

@article{Atallah2003,
  title = "The extratropical transition and precipitation distribution of hurricane {F}loyd (1999)",
  journal = "Monthly Weather Review",
  volume = "131",
  pages = "1063--1081",
  year = "2003",
  author = "Eyad H. Atallah and Lance F. Bosart"
}

@incollection{Bourque2007,
  title={Morbidity and mortality associated with disasters},
  author={Bourque, Linda B and Siegel, Judith M and Kano, Megumi and Wood, Michele M},
  booktitle={Handbook of Disaster Research},
  pages={97--112},
  year={2007},
  publisher={Springer}
}

@article{Brunkard2008,
  title={{H}urricane {K}atrina deaths, {L}ouisiana, 2005},
  author={Brunkard, Joan and Namulanda, Gonza and Ratard, Raoult},
  journal={Disaster Medicine and Public Health Preparedness},
  volume={2},
  number={04},
  pages={215--223},
  year={2008}
}

@article{Centers1993Andrew,
  title={Comprehensive assessment of health needs 2 months after {Hurricane Andrew}--{Dade County, Florida}, 1992},
  author={{Centers for Disease Control and Prevention}},
  journal={MMWR},
  volume={42},
  number={22},
  pages={434},
  year={1993}
}

@article{Centers1993Andrew2,
  title={Injuries and illnesses related to {H}urricane {A}ndrew--{L}ouisiana, 1992},
  author={{Centers for Disease Control and Prevention}},
  journal={MMWR},
  volume={42},
  number={13},
  pages={242--4},
  year={1993}
}

@article{Centers2000Floyd,
  title={Morbidity and mortality associated with {H}urricane {F}loyd--{N}orth {C}arolina, {S}eptember-{O}ctober 1999},
  author={{Centers for Disease Control and Prevention}},
  journal={MMWR},
  volume={49},
  number={17},
  pages={369},
  year={2000}
}

@article{Centers2002Allison,
  title={{T}ropical {S}torm {A}llison rapid needs assessment--{H}ouston, {T}exas, {J}une 2001},
  author={{Centers for Disease Control and Prevention}},
  journal={MMWR},
  volume={51},
  number={17},
  pages={365},
  year={2002}
}

@article{Centers2004Charley,
  title={Rapid assessment of the needs and health status of older adults after Hurricane Charley--Charlotte, DeSoto, and Hardee Counties, Florida, August 27-31, 2004},
  author={{Centers for Disease Control and Prevention}},
  journal={MMWR},
  volume={53},
  number={36},
  pages={837--840},
  year={2004}
}

@article{Centers2004Isabel,
  title={Rapid community health and needs assessments after {H}urricanes {I}sabel and {C}harley--{N}orth {C}arolina, 2003-2004},
  author={{Centers for Disease Control and Prevention}},
  journal={MMWR},
  volume={53},
  number={36},
  pages={840},
  year={2004}
}

@article{Centers2005Four,
  title={Epidemiologic assessment of the impact of four hurricanes--{Florida}, 2004},
  author={{Centers for Disease Control and Prevention}},
  journal={MMWR},
  volume={54},
  number={28},
  pages={693--697},
  year={2005}
}

@article{Centers2005CO,
  title={Carbon monoxide poisoning from hurricane-associated use of portable generators--{F}lorida, 2004},
  author={{Centers for Disease Control and Prevention}},
  journal={MMWR},
  volume={54},
  number={28},
  pages={697--700},
  year={2005}
}

@article{Centers2006Katrina,
  title={Rapid community needs assessment after {H}urricane {K}atrina--{H}ancock {C}ounty, {M}ississippi, {S}eptember 14-15, 2005},
  author={{Centers for Disease Control and Prevention}},
  journal={MMWR},
  volume={55},
  number={9},
  pages={234--236},
  year={2006}
}

@article{Centers2006Katrina2,
  title={Surveillance for illness and injury after {H}urricane {K}atrina--three counties, {M}ississippi, {S}eptember 5-{O}ctober 11, 2005},
  author={{Centers for Disease Control and Prevention}},
  journal={MMWR},
  volume={55},
  number={9},
  pages={231--234},
  year={2006}
}

@article{Centers2006Katrina3,
  title={Mortality associated with {H}urricane {K}atrina--{F}lorida and {A}labama, {A}ugust-{O}ctober 2005},
  author={{Centers for Disease Control and Prevention}},
  journal={MMWR},
  volume={55},
  number={9},
  pages={239--242},
  year={2006}
}

@article{Centers2006Wilma,
  title={Rapid needs assessment of two rural communities after {H}urricane {W}ilma--{H}endry {C}ounty, {F}lorida, {N}ovember 1-2, 2005},
  author={{Centers for Disease Control and Prevention}},
  journal={MMWR},
  volume={55},
  number={15},
  pages={429--431},
  year={2006}
}

@article{Centers2009Ike,
  title={Hurricane Ike rapid needs assessment-Houston, Texas, September 2008},
  author={{Centers for Disease Control and Prevention}},
  journal={MMWR},
  volume={58},
  number={38},
  pages={1066--1071},
  year={2009}
}

@article{Centers2009CO,
  title={Carbon monoxide exposures after {H}urricane {I}ke--{T}exas, {S}eptember 2008},
  author={{Centers for Disease Control and Prevention}},
  journal={MMWR},
  volume={58},
  number={31},
  pages={845--849},
  year={2009}
}

@article{Chen2015,
  title = "Variations in streamflow response to large hurricane-season storms in a southeastern {U.S.} watershed",
  journal = "Journal of Hydrometeorology",
  volume = "16",
  pages = "55--69",
  year = "2015",
  doi = "10.1175/JHM-D-14-0044.1",
  author = "Xing Chen and Mukesh Kumar and Brian L. McGlynn"
}

@article{Combs1996,
  title={Deaths related to {H}urricane {A}ndrew in {F}lorida and {L}ouisiana, 1992},
  author={Combs, Debra L and Parrish, R Gibson and McNabb, SCOTT JN and Davis, Joseph H},
  journal={International Journal of Epidemiology},
  volume={25},
  number={3},
  pages={537--544},
  year={1996}
}

@article{Combs1999,
  title={Assessing disaster-attributed mortality: development and application of a definition and classification matrix},
  author={Combs, Debra L and Quenemoen, Lynn E and Parrish, R Gibson and Davis, Joseph H},
  journal={International Journal of Epidemiology},
  volume={28},
  number={6},
  pages={1124--1129},
  year={1999}
}

@article{Currie2013,
  title = "Weathering the storm: hurricanes and birth outcomes",
  journal = "Journal of Health Economics",
  volume = "32",
  pages = "487--503",
  year = "2013",
  doi = "10.1016/j.jhealeco.2013.01.004",
  author = "Janet Currie and Maya Rossin-Slater"
}

@article{Czajkowski2011,
  title = "An analysis of coastal and inland fatalities in landfalling US hurricanes",
  journal = "Natural Hazards",
  volume = "59",
  pages = "1513--1531",
  year = "2011",
  doi = "10.1007/s11069-011-9849-x",
  author = "Jeffrey Czajkowski and Kevin Simmons and Daniel Sutter"
}

@article{Damore2005,
  title={{A}ir {F}orce expeditionary medical support unit at the {H}ouston floods: use of a military model in civilian disaster response},
  author={D'Amore, Adanto R and Hardin, Charles K},
  journal={Military Medicine},
  volume={170},
  number={2},
  pages={103},
  year={2005}
}

@article{Demuth2006,
  title={Improvement of advanced microwave sounding unit tropical cyclone intensity and size estimation algorithms},
  author={Demuth, Julie L and DeMaria, Mark and Knaff, John A},
  journal={Journal of Applied Meteorology and Climatology},
  volume={45},
  number={11},
  pages={1573--1581},
  year={2006}
}

@article{Dosa2010,
  title={Effects of {H}urricane {K}atrina on nursing facility resident mortality, hospitalization, and functional decline},
  author={Dosa, David and Feng, Zhanlian and Hyer, Kathy and Brown, Lisa M and Thomas, Kali and Mor, Vincent},
  journal={Disaster Medicine and Public Health Preparedness},
  volume={4},
  number={S1},
  pages={S28--S32},
  year={2010}
}

@article{Everson2000,
  title={Inference for multivariate normal hierarchical models},
  author={Everson, Philip J and Morris, Carl N},
  journal={Journal of the Royal Statistical Society: Series B (Statistical Methodology)},
  volume={62},
  number={2},
  pages={399--412},
  year={2000}
}

@article{Greenough2008,
  title={Burden of disease and health status among {Hurricane Katrina}-- displaced persons in shelters: a population-based cluster sample},
  author={Greenough, P Gregg and Lappi, Michael D and Hsu, Edbert B and Fink, Sheri and Hsieh, Yu-Hsiang and Vu, Alexander and Heaton, Clay and Kirsch, Thomas D},
  journal={Annals of Emergency Medicine},
  volume={51},
  number={4},
  pages={426--432},
  year={2008}
}

@article{Halverson2015,
  title   = "Second wind: The deadly and destructive inland phase of {E}ast {C}oast hurricanes",
  journal = "Weatherwise",
  volume  = "68",
  number  = "2",
  pages   = "20--27",
  year    = "2015",
  doi     = "10.1080/00431672.2015.997562",
  author  = "Jeffrey B. Halverson"
}

@article{Jani2006,
  title={{H}urricane {I}sabel-related mortality—-{V}irginia, 2003},
  author={Jani, Asim A and Fierro, M and Kiser, Sarah and Ayala-Simms, V and Darby, DH and Juenker, S and Storey, R and Reynolds, Catherine and Marr, J and Miller, Greg},
  journal={Journal of Public Health Management and Practice},
  volume={12},
  number={1},
  pages={97--102},
  year={2006}
}

@article{Jarvinen1988,
  title={A tropical cyclone data tape for the {N}orth {A}tlantic basin, 1886-1977: Contents, limitations, and uses},
  author={Jarvinen, Brian R. and Eduardo L. Caso},
  journal={NOAA Technical Memorandum NWS NHC 6},
  year={1978}
}

@article{Kessler2007,
  title={{H}urricane {K}atrina’s impact on the care of survivors with chronic medical conditions},
  author={Kessler, Ronald C and {Hurricane Katrina Community Advisory Group and others}},
  journal={Journal of General Internal Medicine},
  volume={22},
  number={9},
  pages={1225--1230},
  year={2007}
}

@article{Kinney2008,
  title={Autism prevalence following prenatal exposure to hurricanes and tropical storms in Louisiana},
  author={Kinney, Dennis K and Miller, Andrea M and Crowley, David J and Gerber, Erika},
  journal={Journal of autism and developmental disorders},
  volume={38},
  number={3},
  pages={481--488},
  year={2008},
  publisher={Springer}
}

@article{Kruk2010,
  title = "A climatology of inland winds from tropical cyclones for the Eastern United States",
  journal = "Journal of Applied Meteorology and Climatology",
  volume = "49",
  pages = "1538--1547",
  year = "2010",
  doi = "10.1175/2010JAMC2389.1",
  author = "Michael C. Kruk and Ethan J. Gibney and David H. Levinson and Michael Squires"
}

@article{Mallin2006,
  title = "How hurricane attributes determine the extent of environmental effects: Multiple hurricanes and different coastal systems",
  journal = "Estuaries and Coasts",
  volume = "29",
  number = "6A",
  pages = "1046--1061",
  year = "2006",
  author = "Michael A. Mallin and Catherine A. Corbett"
}

@article{Mckinney2011,
  title={Direct and indirect mortality in {F}lorida during the 2004 hurricane season},
  author={McKinney, Nathan and Houser, Chris and Meyer-Arendt, Klaus},
  journal={International Journal of Biometeorology},
  volume={55},
  number={4},
  pages={533--546},
  year={2011}
}

@article{Medlin2007,
  title = "Radar and rain gauge analysis of the extreme rainfall during {H}urricane {D}anny's (1997) landfall",
  journal = "Monthly Weather Review",
  volume = "135",
  pages = "1869--1888",
  year = "2007",
  author = "Jeffrey M. Medlin and Sytske K. Kimball and Keith G. Blackwell"
}

@article{Moore2012,
  title = "Tropical cyclone-tornado casualties",
  journal = "Natural Hazards",
  volume = "61",
  pages = "621--634",
  year = "2012",
  doi = "10.1007/s11069-011-0050-z",
  author = "Todd W. Moore and Richard W. Dixon"
}

@article{Mortensen2008,
  title={How many walked through the door?: the effect of {H}urricane {K}atrina evacuees on {H}ouston emergency departments},
  author={Mortensen, Karoline and Dreyfuss, Zachary},
  journal={Medical Care},
  volume={46},
  number={9},
  pages={998--1001},
  year={2008}
}

@article{Pielke1998,
  title = "Normalized hurricane damages in the United States: 1925-95",
  journal = "Weather and Forecasting",
  volume = "13",
  pages = "621--631",
  year = "1998",
  author = "Roger A. Pielke and Christopher W. Landsea"
}

@article{Rappaport2000,
  title = "Loss of life in the United States associated with recent Atlantic tropical cyclones",
  journal = "Bulletin of the American Meteorological Society",
  volume = "x",
  pages = "2065--2073",
  year = "2000",
  author = "Edward N. Rappaport"
}

@article{Rezapour2014,
  title = "Classification of hurricane hazards: the importance of rainfall",
  journal = "Weather and Forcasting",
  volume = "29",
  pages = "1319--1331",
  year = "2014",
  author = "Mehdi Rezapour and Tom E. Baldock"
}

@incollection{Rui2014,
  title={Readme document for North America Land Data Assimilation System Phase 2 (NLDAS-2) Products},
  author={Hualan Rui and David Mocko},
  booktitle={Goddard Earth Sciences Data and Information Services Center},
  year={2014}
}

@inproceedings{Seneviratne2012,
  title={Changes in climate extremes and their impacts on the natural physical environment: An overview of the {IPCC SREX} report},
  author={Seneviratne, SI and Nicholls, N and Easterling, D and Goodess, CM and Kanae, S and Kossin, J and Luo, Y and Marengo, J and McInnes, K and Rahimi, M and others},
  booktitle={EGU General Assembly Conference Abstracts},
  pages={109--230},
  year={2012}
}

@article{Setzer2004,
  title={Medicaid outpatient utilization for waterborne pathogenic illness following {H}urricane {F}loyd},
  author={Setzer, Christian and Domino, Marisa Elena},
  journal={Public Health Reports},
  volume={119},
  number={5},
  pages={472},
  year={2004}
}

@article{Silverman1995,
  title={Lessons learned from {H}urricane {A}ndrew: recommendations for care of the elderly in long-term care facilities.},
  author={Silverman, Michael A and Weston, Michael and Llorente, Maria and Beber, Charles and Tam, Rosa},
  journal={Southern Medical Journal},
  volume={88},
  number={6},
  pages={603--608},
  year={1995}
}

@book{Smith1992,
  title={Environmental Hazards: Assessing Risk and Reducing Disaster},
  author={Smith, Keith},
  year={1992},
  publisher={Routledge}
}

@article{WHO2012,
  title={{I}nternational {C}lassification of {D}iseases ({ICD})},
  author={{World Health Organization}},
  year={2012}
}